<?xml version="1.0" encoding="UTF-8"?><collection xmlns="http://www.loc.gov/MARC21/slim"><record><leader>00661nam--2200181-i-4500</leader><controlfield tag="001">000011904</controlfield><controlfield tag="002">20161230</controlfield><controlfield tag="005">20161230201029</controlfield><controlfield tag="008">060222s1000------------r-----000-0-fre-d</controlfield><datafield ind1=" " ind2=" " tag="040"><subfield code="a">IFIN-HH</subfield></datafield><datafield ind1=" " ind2=" " tag="041"><subfield code="a">fre</subfield></datafield><datafield ind1=" " ind2=" " tag="080"><subfield code="a">535.33-1(043)</subfield></datafield><datafield ind1="1" ind2=" " tag="100"><subfield code="a">Chaux,Roland</subfield></datafield><datafield ind1="1" ind2="0" tag="245"><subfield code="a">Realisation et mise au point d'un systeme d'acquisition automatique de donnees sur spectrometre infrarouge par methodes numeriques et d'une carte interface relative a un derouleur de bande magnetique rapide pour le traitement de ces donnees</subfield><subfield code="b">These</subfield><subfield code="c">Roland chaux</subfield></datafield><datafield ind1=" " ind2=" " tag="260"><subfield code="a">Dijon</subfield><subfield code="b">L'Universite</subfield><subfield code="c">1975</subfield></datafield><datafield ind1=" " ind2=" " tag="300"><subfield code="a">130P</subfield></datafield><datafield ind1=" " ind2=" " tag="852"><subfield code="a">44083</subfield><subfield code="c">535.33</subfield></datafield><datafield ind1=" " ind2=" " tag="CAT"><subfield code="a">Sys</subfield><subfield code="c">20101207</subfield><subfield code="h">144356</subfield></datafield></record></collection>